<?xml version="1.0" encoding="UTF-8"?><collection xmlns="http://www.loc.gov/MARC21/slim"><record><leader>00559nam--2200193-i-4500</leader><controlfield tag="001">000026825</controlfield><controlfield tag="002">20161230</controlfield><controlfield tag="005">20161230201036</controlfield><controlfield tag="008">060222s1000------------r-----000-0-eng-d</controlfield><datafield ind1=" " ind2=" " tag="040"><subfield code="a">IFIN-HH</subfield></datafield><datafield ind1=" " ind2=" " tag="080"><subfield code="a">539.19:538.9</subfield></datafield><datafield ind1="1" ind2=" " tag="100"><subfield code="a">Kikoin, A.K</subfield></datafield><datafield ind1="1" ind2="0" tag="245"><subfield code="a">Molecular physics</subfield><subfield code="b">Translated from the russian by g. leib</subfield><subfield code="c">A.k. kikoin, i.k. kikoin</subfield></datafield><datafield ind1=" " ind2=" " tag="260"><subfield code="a">Moscow</subfield><subfield code="b">Mir Publishers</subfield><subfield code="c">1978</subfield></datafield><datafield ind1=" " ind2=" " tag="300"><subfield code="a">480P</subfield></datafield><datafield ind1=" " ind2=" " tag="500"><subfield code="a">Titlul Original In Limba Rusa: Molekuliaria Fizika</subfield></datafield><datafield ind1="1" ind2=" " tag="700"><subfield code="a">Kikoin, I.K</subfield></datafield><datafield ind1=" " ind2=" " tag="852"><subfield code="a">46740</subfield><subfield code="c">539.19</subfield></datafield><datafield ind1=" " ind2=" " tag="CAT"><subfield code="a">Sys</subfield><subfield code="c">20120716</subfield><subfield code="h">165954</subfield></datafield></record></collection>